
% Journals

% First the Full Name is given, then the abbreviation used in the AMS Math
% Reviews, with an indication if it could not be found there.
% Note the 2nd overwrites the 1st, so swap them if you want the full name.

 %{AMS}
 @String{AMSTrans = "American Mathematical Society Translations" }
 @String{AMSTrans = "Amer. Math. Soc. Transl." }
 @String{BullAMS = "Bulletin of the American Mathematical Society" }
 @String{BullAMS = "Bull. Amer. Math. Soc." }
 @String{ProcAMS = "Proceedings of the American Mathematical Society" }
 @String{ProcAMS = "Proc. Amer. Math. Soc." }
 @String{TransAMS = "Transactions of the American Mathematical Society" }
 @String{TransAMS = "Trans. Amer. Math. Soc." }

 %ACM
 @String{CACM = "Communications of the {ACM}" }
 @String{CACM = "Commun. {ACM}" }
 @String{CompServ = "Comput. Surveys" }
 @String{JACM = "J. ACM" }
 @String{ACMMathSoft = "{ACM} Transactions on Mathematical Software" }
 @String{ACMMathSoft = "{ACM} Trans. Math. Software" }
 @String{SIGNUM = "{ACM} {SIGNUM} Newsletter" }
 @String{SIGNUM = "{ACM} {SIGNUM} Newslett." }

 @String{AmerSocio = "American Journal of Sociology" }
 @String{AmerStatAssoc = "Journal of the American Statistical Association" }
 @String{AmerStatAssoc = "J. Amer. Statist. Assoc." }
 @String{ApplMathComp = "Applied Mathematics and Computation" }
 @String{ApplMathComp = "Appl. Math. Comput." }
 @String{AmerMathMonthly = "American Mathematical Monthly" }
 @String{AmerMathMonthly = "Amer. Math. Monthly" }
 @String{BIT = "{BIT}" }
 @String{BritStatPsych = "British Journal of Mathematical and Statistical
          Psychology" }
 @String{BritStatPsych = "Brit. J. Math. Statist. Psych." }
 @String{CanMathBull = "Canadian Mathematical Bulletin" }
 @String{CanMathBull = "Canad. Math. Bull." }
 @String{CompApplMath = "Journal of Computational and Applied Mathematics" }
 @String{CompApplMath = "J. Comput. Appl. Math." }
 @String{CompPhys = "Journal of Computational Physics" }
 @String{CompPhys = "J. Comput. Phys." }
 @String{CompStruct = "Computers and Structures" }
 @String{CompStruct = "Comput. \& Structures" }
 @String{CompJour = "The Computer Journal" }
 @String{CompJour = "Comput. J." }
 @String{CompSysSci = "Journal of Computer and System Sciences" }
 @String{CompSysSci = "J. Comput. System Sci." }
 @String{Computing = "Computing" }
 @String{ContempMath = "Contemporary Mathematics" }
 @String{ContempMath = "Contemp. Math." }
 @String{Crelle = "Crelle's Journal" }
 @String{GiornaleMath = "Giornale di Mathematiche" }
 @String{GiornaleMath = "Giorn. Mat." } % didn't find in AMS MR., ibid.

 %IEEE
 @String{Computer = "{IEEE} Computer" }
 @String{IEEETransComp = "{IEEE} Transactions on Computers" }
 @String{IEEETransComp = "{IEEE} Trans. Comput." }
 @String{IEEETransAC = "{IEEE} Transactions on Automatic Control" }
 @String{IEEETransAC = "{IEEE} Trans. Automat. Control" }
 @String{IEEESpec = "{IEEE} Spectrum" } % didn't find in AMS MR
 @String{ProcIEEE = "Proceedings of the {IEEE}" }
 @String{ProcIEEE = "Proc. {IEEE}" } % didn't find in AMS MR
 @String{IEEETransAeroElec = "{IEEE} Transactions on Aerospace and Electronic
     Systems" }
 @String{IEEETransAeroElec = "{IEEE} Trans. Aerospace Electron. Systems" }

 @String{IMANumerAna = "{IMA} Journal of Numerical Analysis" }
 @String{IMANumerAna = "{IMA} J. Numer. Anal." }
 @String{InfProcLet = "Information Processing Letters" }
 @String{InfProcLet = "Inform. Process. Lett." }
 @String{InstMathApp = "Journal of the Institute of Mathematics and
     its Applications" }
 @String{InstMathApp = "J. Inst. Math. Appl." }
 @String{IntControl = "International Journal of Control" }
 @String{IntControl = "Internat. J. Control" }
 @String{IntNumerEng = "International Journal for Numerical Methods in
     Engineering" }
 @String{IntNumerEng = "Internat. J. Numer. Methods Engrg." }
 @String{IntSuper = "International Journal of Supercomputing Applications" }
 @String{IntSuper = "Internat. J. Supercomputing Applic." } % didn't find
%% in AMS MR
 @String{Kibernetika = "Kibernetika" }
 @String{JResNatBurStand = "Journal of Research of the National Bureau
     of Standards" }
 @String{JResNatBurStand = "J. Res. Nat. Bur. Standards" }
 @String{LinAlgApp = "Linear Algebra and its Applications" }
 @String{LinAlgApp = "Linear Algebra Appl." }
 @String{MathAnaAppl = "Journal of Mathematical Analysis and Applications" }
 @String{MathAnaAppl = "J. Math. Anal. Appl." }
 @String{MathAnnalen = "Mathematische Annalen" }
 @String{MathAnnalen = "Math. Ann." }
 @String{MathPhys = "Journal of Mathematical Physics" }
 @String{MathPhys = "J. Math. Phys." }
 @String{MathComp = "Mathematics of Computation" }
 @String{MathComp = "Math. Comp." }
 @String{MathScand = "Mathematica Scandinavica" }
 @String{MathScand = "Math. Scand." }
 @String{TablesAidsComp = "Mathematical Tables and Other Aids to Computation" }
 @String{TablesAidsComp = "Math. Tables Aids Comput." }
 @String{NumerMath = "Numerische Mathematik" }
 @String{NumerMath = "Numer. Math." }
 @String{PacificMath = "Pacific Journal of Mathematics" }
 @String{PacificMath = "Pacific J. Math." }
 @String{ParDistComp = "Journal of Parallel and Distributed Computing" }
 @String{ParDistComp = "J. Parallel and Distrib. Comput." } % didn't find
%% in AMS MR
 @String{ParComputing = "Parallel Computing" }
 @String{ParComputing = "Parallel Comput." }
 @String{PhilMag = "Philosophical Magazine" }
 @String{PhilMag = "Philos. Mag." }
 @String{ProcNAS = "Proceedings of the National Academy of Sciences
                    of the USA" }
 @String{ProcNAS = "Proc. Nat. Acad. Sci. U. S. A." }
 @String{Psychometrika = "Psychometrika" }
 @String{QuartMath = "Quarterly Journal of Mathematics, Oxford, Series (2)" }
 @String{QuartMath = "Quart. J. Math. Oxford Ser. (2)" }
 @String{QuartApplMath = "Quarterly of Applied Mathematics" }
 @String{QuartApplMath = "Quart. Appl. Math." }
 @String{RevueInstStat = "Review of the International Statisical Institute" }
 @String{RevueInstStat = "Rev. Inst. Internat. Statist." }

 %SIAM
 @String{JSIAM = "Journal of the Society for Industrial and Applied
     Mathematics" }
 @String{JSIAM = "J. Soc. Indust. Appl. Math." }
 @String{JSIAMB = "Journal of the Society for Industrial and Applied
     Mathematics, Series B, Numerical Analysis" }
 @String{JSIAMB = "J. Soc. Indust. Appl. Math. Ser. B Numer. Anal." }
 @String{SIAMAlgMeth = "{SIAM} Journal on Algebraic and Discrete Methods" }
 @String{SIAMAlgMeth = "{SIAM} J. Algebraic Discrete Methods" }
 @String{SIAMAppMath = "{SIAM} Journal on Applied Mathematics" }
 @String{SIAMAppMath = "{SIAM} J. Appl. Math." }
 @String{SIAMComp = "{SIAM} Journal on Computing" }
 @String{SIAMComp = "{SIAM} J. Comput." }
 @String{SIAMMatrix = "{SIAM} Journal on Matrix Analysis and Applications" }
 @String{SIAMMatrix = "{SIAM} J. Matrix Anal. Appl." }
 @String{SIAMNumAnal = "{SIAM} Journal on Numerical Analysis" }
 @String{SIAMNumAnal = "{SIAM} J. Numer. Anal." }
 @String{SIAMReview = "{SIAM} Review" }
 @String{SIAMReview = "{SIAM} Rev." }
 @String{SIAMSciStat = "{SIAM} Journal on Scientific and Statistical
     Computing" }
 @String{SIAMSciStat = "{SIAM} J. Sci. Statist. Comput." }

 @String{SoftPracExp = "Software Practice and Experience" }
 @String{SoftPracExp = "Software Prac. Experience" } % didn't find in AMS MR
 @String{StatScience = "Statistical Science" }
 @String{StatScience = "Statist. Sci." }
 @String{Techno = "Technometrics" }
 @String{USSRCompMathPhys = "{USSR} Computational Mathematics and Mathematical
     Physics" }
 @String{USSRCompMathPhys = "{U. S. S. R.} Comput. Math. and Math. Phys." }
 @String{VLSICompSys = "Journal of {VLSI} and Computer Systems" }
 @String{VLSICompSys = "J. {VLSI} Comput. Syst." }
 @String{ZAngewMathMech = "Zeitschrift fur Angewandte Mathematik und
     Mechanik" }
 @String{ZAngewMathMech = "Z. Angew. Math. Mech." }
 @String{ZAngewMathPhys = "Zeitschrift fur Angewandte Mathematik und Physik" }
 @String{ZAngewMathPhys = "Z. Angew. Math. Phys." }

% Publishers % ================================================= |

 @String{Academic = "Academic Press" }
 @String{ACMPress = "{ACM} Press" }
 @String{AdamHilger = "Adam Hilger" }
 @String{AddisonWesley = "Addison-Wesley" }
 @String{AllynBacon = "Allyn and Bacon" }
 @String{AMS = "American Mathematical Society" }
 @String{Birkhauser = "Birkha{\"u}ser" }
 @String{CambridgePress = "Cambridge University Press" }
 @String{Chelsea = "Chelsea" }
 @String{ClaredonPress = "Claredon Press" }
 @String{DoverPub = "Dover Publications" }
 @String{Eyolles = "Eyolles" }
 @String{HoltRinehartWinston = "Holt, Rinehart and Winston" }
 @String{Interscience = "Interscience" }
 @String{JohnsHopkinsPress = "The Johns Hopkins University Press" }
 @String{JohnWileySons = "John Wiley and Sons" }
 @String{Macmillan = "Macmillan" }
 @String{MathWorks = "The Math Works Inc." }
 @String{McGrawHill = "McGraw-Hill" }
 @String{NatBurStd = "National Bureau of Standards" }
 @String{NorthHolland = "North-Holland" }
 @String{OxfordPress = "Oxford University Press" }  %address Oxford or London?
 @String{PergamonPress = "Pergamon Press" }
 @String{PlenumPress = "Plenum Press" }
 @String{PrenticeHall = "Prentice-Hall" }
 @String{SIAMPub = "{SIAM} Publications" }
 @String{Springer = "Springer-Verlag" }
 @String{TexasPress = "University of Texas Press" }
 @String{VanNostrand = "Van Nostrand" }
 @String{WHFreeman = "W. H. Freeman and Co." }

%Entries
@article{paper6,
  author = {Eva Zangerle and Maximilian Mayerl and Martin Potthast and Benno Stein},
  journal = {CLEF 2021 - Conference and Labs of the Evaluation Forum, September 21-24, 2021, Bucharest, Romania},
  title = {Overview of the Style Change Detection Task at PAN 2021},
  year = {2021}
}
@article{paper5,
  author = {Janek Bevendorff,1 BERTa Chulvi,2 Gretel Liz De La Peña Sarracén and Mike Kestemont and Enrique Manjavacas and Ilia Markov and Maximilian Mayerl and Martin Potthast and Francisco Rangel and Paolo Rosso and Efstathios Stamatatos and Benno Stein and Matti Wiegmann and Magdalena Wolska and Eva Zangerle},
  journal = {Experimental IR Meets Multilinguality, Multimodality, and Interaction: 12th International Conference of the CLEF Association, CLEF 2021, Virtual Event, September 21-24, 2021, Proceedings},
  title = {Overview of PAN 2021: Authorship Verification, Profiling Hate Speech Spreaders on Twitter, and Style Change Detection},
  year = {2021}
}
@article{paper4,
  author = {Eva Zangerle and Maximilian Mayerl and Martin Potthast and Benno Stein},
  journal = {CLEF 2022 - Conference and Labs of the Evaluation Forum, September 5-8, 2022, Bologna, Italy},
  title = {Overview of the Style Change Detection Task at PAN 2022},
  year = {2022}
}
@article{paper3,
  author = {Eva Zangerle and Maximilian Mayerl and Martin Potthast and Benno Stein},
  journal = {CLEF 2023 - Conference and Labs of the Evaluation Forum, September 18-21, 2023, Thessaloniki, Greece},
  title = {Overview of the Multi-Author Writing Style Analysis Task at PAN 2023},
  year = {2023}
}
@article{paper2,
  author = {Eva Zangerle and Maximilian Mayerl and Martin Potthast and Benno Stein},
  journal = {CLEF 2024: Conference and Labs of the Evaluation Forum, September 09-12, 2024, Grenoble, France},
  title = {Overview of the Multi-Author Writing Style Analysis Task at PAN 2024},
  year = {2025}
}
@inproceedings{paper1,
  author={Abinew Ali Ayele and Nikolay Babakov and Janek Bevendorff and Xavier Bonet Casals and Berta Chulvi and Daryna Dementieva and Ashaf Elnagar and Dayne Freitag and Maik Fröbe and Damir Korencic and Maximilian Mayerl and Daniil Moskovskiy and Animesh Mukherjee and Alexander Panchenko and Martin Potthast and Francisco Rangel and Naquee Rizwan and Paolo Rosso and Florian Schneider and Alisa Smirnova and Efstathios Stamatatos and Elisei Stakovskii and Benno Stein and Mariona Taulé and Dmitry Ustalov and Xintong Wang and Matti Wiegmann and Seid Muhie Yimam and Eva Zangerle},
  title={Overview of PAN 2024: Multi-author Writing Style Analysis, Multilingual Text Detoxification, Oppositional Thinking Analysis, and Generative AI Authorship Verification Condensed Lab Overview},
  year={2024},
  cdate={1704067200000},
  pages={231-259},
  url={https://doi.org/10.1007/978-3-031-71908-0_11},
  booktitle={CLEF (2)},
  crossref={conf/clef/2024-2}
}

@article{rowmantomisalv2024,
  author = {Rowan Mann and Tomislav Mikulandic},
  journal = {CLEF 2024: Conference and Labs of the Evaluation Forum},
  title = {CLEF 2024 JOKER Tasks 1-3: Humour identification and classification},
  year = {September 2024},
}

@article{antoniadora2024,
  author = {Antonia Bartulovic and Dora Paula Varadin},
  journal = {CLEF 2024: Conference and Labs of the Evaluation Forum},
  title = {University of Split and University of Malta (Team AB\&DPV) at the CLEF 2024 JOKER Track: From `LOL' to `MDR' Using Artificial Intelligence Models to Retrieve and Translate Puns},
  year = {September 2024},
}

@article{gepolava2024,
  author = {Arina Gepolava and Adrian-Gabriel Chifu and Sebastien Fournier },
  journal = {CLEF 2024: Conference and Labs of the Evaluation Forum},
  title = {CLEF 2024 Joker Task 1: Exploring Pun Detection Using The T5 Transformer Model},
  year = {September 2024},
}

@article{elagina2024,
  author = {Regina Elagina and Petra Vucic},
  journal = {CLEF 2024: Conference and Labs of the Evaluation Forum},
  title = {Working	Notes	of	CLEF	2024:	Effective	Humor Analysis and Translation},
  year = {September 2024},
}

@article{ermakova2024,
  author = {Liana Ermakova and Anne-Gwenn Bosser and Tristan Miller and Adam Jatowt},
  journal = {CLEF 2024: Conference and Labs of the Evaluation Forum},
  title = {Overview of the CLEF 2024 JOKER Task 1: Humour-aware Information Retrieval},
  year = {September 2024},
}

@article{dsilva2024punderstand,
  author = {Dsilva, Ryan Rony and Bhardwaj, Nidhi},
  title = {PunDerstand @ CLEF JOKER 2024: Who's Laughing Now? Humor Classification by Genre \& Technique},
  journal = {CEUR Workshop Proceedings},
  volume = {3740},
  year = {2024},
  url = {http://ceur-ws.org/Vol-3740/}
}

@article{he2023debertav3,
  author = {He, Pengcheng and Gao, Jianfeng and Chen, Weizhu},
  title = {DeBERTav3: Improving DeBERTa using ELECTRA-style Pre-training with Gradient-disentangled Embedding Sharing},
  journal = {International Conference on Learning Representations},
  year = {2023},
  url = {https://openreview.net/forum?id=sE7-XhLxHA}
}

@article{achiam2023gpt4,
  author = {Achiam, Josh and others},
  title = {GPT-4 Technical Report},
  journal = {arXiv preprint arXiv:2303.08774},
  year = {2023}
}

@article{ermakova2023joker,
  author = {Ermakova, Liana and others},
  title = {The JOKER Corpus: English-French Parallel Data for Multilingual Wordplay Recognition},
  journal = {Proceedings of SIGIR '23},
  year = {2023},
  pages = {2796--2806},
  doi = {10.1145/3539618.3591885}
}

@article{mann2024,
  author = {Rowan Mann and Tomislav Mikulandic},
  journal = {CLEF 2024: Conference and Labs of the Evaluation Forum},
  title = {CLEF 2024 JOKER Tasks 1-3: Humour identification and classification},
  year = {September 2024}
}

@article{bartulovic2024,
  author = {Antonia Bartulovic and Dora Paula Varadin},
  journal = {CLEF 2024: Conference and Labs of the Evaluation Forum},
  title = {University of Split and University of Malta (Team AB\&DPV) at the CLEF 2024 JOKER Track: From `LOL' to `MDR' Using Artificial Intelligence Models to Retrieve and Translate Puns},
  year = {September 2024}
}

@article{tang2019pungan,
  author = {Tang, Ying and others},
  title = {Pun-GAN: Generative Adversarial Network for Pun Translation},
  journal = {arXiv preprint arXiv:1912.03456},
  year = {2019}
}

@article{troiano2018exaggeration,
  author = {Troiano, Enrica and others},
  title = {A Computational Exploration of Exaggeration},
  journal = {Proceedings of EMNLP},
  year = {2018},
  pages = {3296--3304}
}

@article{dsilva2024augmenting,
  author = {Dsilva, Ryan Rony},
  title = {Augmenting Large Language Models with Humor Theory To Understand Puns},
  journal = {Purdue University Thesis},
  year = {2024},
  doi = {10.25394/PGS.25674792.v1}
}

@article{ermakova2023joker3,
  author = {Ermakova, Liana and Miller, Tristan and Bosser, Anne-Gwenn and Preciado, Victor Manuel Prieto and Sidorov, Grigori and Jatowt, Adam},
  title = {Overview of JOKER 2023 Automatic Wordplay Analysis Task 3 - Pun Translation},
  journal = {CLEF 2023: Conference and Labs of the Evaluation Forum},
  year = {2023}
}

@article{preciado2023nlpalma,
  author = {Preciado, Victor Manuel Prieto and Preciado, Claudia Patricia and Sidorov, Grigori},
  title = {NLPalma @ CLEF 2023 JOKER: A BLOOMZ and BERT Approach for Wordplay Detection and Translation},
  journal = {CLEF 2023: Conference and Labs of the Evaluation Forum},
  year = {2023}
}

@article{prnjak2023joker,
  author = {Prnjak, Anja and Davari, Daniel Reza and Schmitt, Kevin},
  journal = {CLEF 2023: Conference and Labs of the Evaluation Forum},
  title = {CLEF 2023 JOKER Task 1, 2, 3: Pun Detection, Pun Interpretation, and Pun Translation},
  year = {2023}
}

@article{popova2023humor,
  author = {Popova, Olga and Dadić, Petar},
  title = {Does AI Have a Sense of Humor? CLEF 2023 JOKER Tasks 1, 2, and 3: Using Bloom, GPT, SimpleT5, and More for Pun Detection, Location, Interpretation, and Translation},
  journal = {CLEF 2023: Conference and Labs of the Evaluation Forum},
  year = {2023}
}

@inproceedings{galeano2022ljgg,
  author = {Galeano, L. J. G.},
  title = {LJGG @ CLEF JOKER Task 3: An Improved Solution Joining with Dataset from Task},
  booktitle = {Proceedings of the Working Notes of CLEF 2022 Conference and Labs of the Evaluation Forum},
  address = {Bologna, Italy},
  publisher = {CEUR Workshop Proceedings, CEUR-WS.org},
  year = {2022},
  pages = {7}
}

@article{raffel2020t5,
  author = {Raffel, Colin and Shazeer, Noam and Roberts, Adam and Lee, Katherine and Narang, Sharan and Matena, Michael and Zhou, Yanqi and Li, Wei and Liu, Peter J.},
  title = {Exploring the Limits of Transfer Learning with a Unified Text-to-Text Transformer},
  journal = {Journal of Machine Learning Research},
  volume = {21},
  year = {2020},
  pages = {1--67},
  url = {http://jmlr.org/papers/v21/20-074.html}
}

